@misc{rfca,
  author = {D. Cooper and NIST and S.Santesson and Microsoft and S. Farrell and Trinity College Dublin and S. Boeyen and Entrust and R. Housley and Vigil Security and W. Polk},
  title = {{RFC5280: Internet X.509 Public Key Infrastructure Certificate and Certificate Revocation List (CRL) Profile}},
  howpublished = "\url{http://tools.ietf.org/html/rfc5280}",
  year = {2008}, 
  note = "[Online]"
}

@misc{rfc-tls,
	author = {T. Dierks and E. Rescorla and RTFM Inc.},
	title = {{RFC5246: The Transport Layer Security (TLS) Protocol Version 1.2}},
	howpublished = "\url{http://tools.ietf.org/html/rfc5246}",
	year = {2008},
	note = "[Online]"
}

@misc{rfc-https,
	author = {E. Rescorla and RTFM Inc.},
	title = {{RFC2818: HTTP Over TLS}},
	howpublished = "\url{https://tools.ietf.org/html/rfc2818}",
	year = {2000},
	note = "[Online]"
}

@phdthesis{signatures,
	author	= {Anna Lysyanskaya},
	title	= {Signature Schemes and Applications to Cryptographic Protocol Design},
	year	= {2002},
	school	= {Massachusetts Institute of Technology},
	note	= "[Online]",
	howpublished = "\url{http://groups.csail.mit.edu/cis/theses/anna-phd.pdf}"
}

@misc{rfc-acl,
	author	= {R. Shirey},
	title	= {RFC2828: Internet Security Glossary, Version 2},
	howpublished = "\url{http://tools.ietf.org/html/rfc4949}",
	year 	= {2007},
	note	= "[Online]"
}

@misc{hb-openssl-news,
	author	= {The~OpenSSL~Project},
	title	= {OpenSSL Security Advisory [07 Apr 2014]: TLS heartbeat read overrun (CVE-2014-0160)},
	howpublished = "\url{http://www.openssl.org/news/secadv_20140407.txt}",
	note	= "[Online]",
	year	= {2014},
	month 	= {April}
}

@misc{heartbleed,
	author	= {Codenomicon},
	title	= {{The Heartbleed Bug}},
	howpublished = "\url{http://heartbleed.com/}",
	note	= "[Online]",
	year	= {2014}
}

@misc{rana-divers,
	author	= {Roger Marthinsen},
	title	= {{To d√∏de i dykkerulykke}},
	howpublished = "\url{http://www.ranablad.no/nyheter/article7154581.ece}",
	note	= "[Online]",
	year	= {2014}
}

@misc{swot-ref,
	author	= {Ryan Goodrich},
	title	= {{SWOT Analysis: Examples, Templates \& Definition}},
	howpublished = "\url{http://www.businessnewsdaily.com/4245-swot-analysis.html}",
	note	= "[Online]"
}
